@book{Weibel,
place={Cambridge},
title={An Introduction to homological algebra},
publisher={Univ. Pr},
author={Weibel, Charles A},
year={1995}
}